@article{SNOLAB_dose,
  doi = {10.3390/s23041945},
  url = {https://doi.org/10.3390/s23041945},
  year = {2023},
  month = feb,
  publisher = {{MDPI} {AG}},
  volume = {23},
  number = {4},
  author = {Victor V. Golovko and Oleg Kamaev and Jiansheng Sun and Chris J. Jillings and Pierre Gorel and Eric V{\'{a}}zquez-J{\'{a}}uregui},
  title = {Ambient Dose and Dose Rate Measurement in {SNOLAB} Underground Laboratory at Sudbury,  Ontario,  Canada},
  journal = {Sensors}
}

@phdthesis{olivia_scallon,
    school = {Laurentian University},
    author = {Scallon, Olivia},
    keywords = {Dark matter},
    language = {eng},
    publisher = {Laurentian University of Sudbury},
    title = {Background reduction techniques and simulations for the PICASSO and PICO dark matter search experiments.},
    year = {2019-11-18},
}

@manual{FLUKA_Manual,
  author       = {FLUKA Collaboration},
  title        = {FLUKA Manual},
  year         = {2022},
  month        = {September},
  organization = {CERN},
}

@article{FLUKA1,
  doi = {10.3389/fphy.2021.788253},
  url = {https://doi.org/10.3389/fphy.2021.788253},
  year = {2022},
  month = jan,
  publisher = {Frontiers Media {SA}},
  volume = {9},
  author = {C. Ahdida and D. Bozzato and D. Calzolari and F. Cerutti and N. Charitonidis and A. Cimmino and A. Coronetti and G. L. D'Alessandro and A. Donadon Servelle and L. S. Esposito and R. Froeschl and R. Garc{\'{\i}}a Al{\'{\i}}a and A. Gerbershagen and S. Gilardoni and D. Horv{\'{a}}th and G. Hugo and A. Infantino and V. Kouskoura and A. Lechner and B. Lefebvre and G. Lerner and M. Magistris and A. Manousos and G. Moryc and F. Ogallar Ruiz and F. Pozzi and D. Prelipcean and S. Roesler and R. Rossi and M. Sabat{\'{e}} Gilarte and F. Salvat Pujol and P. Schoofs and V. Str{\'{a}}nsk{\'{y}} and C. Theis and A. Tsinganis and R. Versaci and V. Vlachoudis and A. Waets and M. Widorski},
  title = {New Capabilities of the {FLUKA} Multi-Purpose Code},
  journal = {Frontiers in Physics}
}

@article{FLUKA2,
  doi = {10.1016/j.anucene.2014.11.007},
  url = {https://doi.org/10.1016/j.anucene.2014.11.007},
  year = {2015},
  month = aug,
  publisher = {Elsevier {BV}},
  volume = {82},
  pages = {10--18},
  author = {Giuseppe Battistoni and Till Boehlen and Francesco Cerutti and Pik Wai Chin and Luigi Salvatore Esposito and Alberto Fass{\`{o}} and Alfredo Ferrari and Anton Lechner and Anton Empl and Andrea Mairani and Alessio Mereghetti and Pablo Garcia Ortega and Johannes Ranft and Stefan Roesler and Paola R. Sala and Vasilis Vlachoudis and George Smirnov},
  title = {Overview of the {FLUKA} code},
  journal = {Annals of Nuclear Energy}
}

@article{gratta_muons_to_neutrons,
  title = {Predicting neutron production from cosmic-ray muons},
  author = {Wang, Y.-F. and Balic, V. and Gratta, G. and Fass\`o, A. and Roesler, S. and Ferrari, A.},
  journal = {Phys. Rev. D},
  volume = {64},
  issue = {1},
  pages = {013012},
  numpages = {6},
  year = {2001},
  month = {Jun},
  publisher = {American Physical Society},
  doi = {10.1103/PhysRevD.64.013012},
  url = {https://link.aps.org/doi/10.1103/PhysRevD.64.013012}
}

@article{mei_hime,
  title = {Muon-induced background study for underground laboratories},
  author = {Mei, D.-M. and Hime, A.},
  journal = {Phys. Rev. D},
  volume = {73},
  issue = {5},
  pages = {053004},
  numpages = {18},
  year = {2006},
  month = {Mar},
  publisher = {American Physical Society},
  doi = {10.1103/PhysRevD.73.053004},
  url = {https://link.aps.org/doi/10.1103/PhysRevD.73.053004}
}

@book{gaisser_cosmic_rays,
    year = {2016},
    language = {eng},
    publisher = {Cambridge University Press},
    title = {Cosmic rays and particle physics},
    author = {Gaisser, Thomas K.},
    address = {Cambridge, United Kingdom},
    edition = {Second edition.},
    isbn = {9780521016469},
    keywords = {Cosmic rays}
}

@article{nexo_sensitivity,
  doi = {10.1088/1361-6471/ac3631},
  url = {https://doi.org/10.1088/1361-6471/ac3631},
  year = {2021},
  month = dec,
  publisher = {{IOP} Publishing},
  volume = {49},
  number = {1},
  author = {G Adhikari and S Al Kharusi and E Angelico and G Anton and I J Arnquist and I Badhrees and J Bane and V Belov and E P Bernard and T Bhatta and A Bolotnikov and P A Breur and J P Brodsky and E Brown and T Brunner and E Caden and G F Cao and L Cao and C Chambers and B Chana and S A Charlebois and D Chernyak and M Chiu and B Cleveland and R Collister and S A Czyz and J Dalmasson and T Daniels and L Darroch and R DeVoe and M L Di Vacri and J Dilling and Y Y Ding and A Dolgolenko and M J Dolinski and A Dragone and J Echevers and M Elbeltagi and L Fabris and D Fairbank and W Fairbank and J Farine and S Ferrara and S Feyzbakhsh and Y S Fu and G Gallina and P Gautam and G Giacomini and W Gillis and C Gingras and D Goeldi and R Gornea and G Gratta and C A Hardy and K Harouaka and M Heffner and E W Hoppe and A House and A Iverson and A Jamil and M Jewell and X S Jiang and A Karelin and L J Kaufman and I Kotov and R Kr\"{u}cken and A Kuchenkov and K S Kumar and Y Lan and A Larson and K G Leach and B G Lenardo and D S Leonard and G Li and S Li and Z Li and C Licciardi and R Lindsay and R MacLellan and M Mahtab and P Martel-Dion and J Masbou and N Massacret and T McElroy and K McMichael and M Medina Peregrina and T Michel and B Mong and D C Moore and K Murray and J Nattress and C R Natzke and R J Newby and K Ni and F Nolet and O Nusair and J C Nzobadila Ondze and K Odgers and A Odian and J L Orrell and G S Ortega and C T Overman and S Parent and A Perna and A Piepke and A Pocar and J-F Pratte and N Priel and V Radeka and E Raguzin and G J Ramonnye and T Rao and H Rasiwala and S Rescia and F Reti{\`{e}}re and J Ringuette and V Riot and T Rossignol and P C Rowson and N Roy and R Saldanha and S Sangiorgio and X Shang and A K Soma and F Spadoni and V Stekhanov and X L Sun and M Tarka and S Thibado and A Tidball and J Todd and T Totev and S Triambak and R H M Tsang and T Tsang and F Vachon and V Veeraraghavan and S Viel and C Vivo-Vilches and P Vogel and J-L Vuilleumier and M Wagenpfeil and T Wager and M Walent and K Wamba and Q Wang and W Wei and L J Wen and U Wichoski and S Wilde and M Worcester and S X Wu and W H Wu and X Wu and Q Xia and W Yan and H Yang and L Yang and O Zeldovich and J Zhao and T Ziegler},
  title = {{nEXO}: neutrinoless double beta decay search beyond 10$\less$sup$\greater$28$\less$/sup$\greater$ year half-life sensitivity},
  journal = {Journal of Physics G: Nuclear and Particle Physics}
}

@article{sno_flux_2019,
  doi = {10.1103/physrevd.100.112005},
  url = {https://doi.org/10.1103/physrevd.100.112005},
  year = {2019},
  month = dec,
  publisher = {American Physical Society ({APS})},
  volume = {100},
  number = {11},
  author = {B. Aharmim and S.{\hspace{0.167em}}N. Ahmed and A.{\hspace{0.167em}}E. Anthony and N. Barros and E.{\hspace{0.167em}}W. Beier and A. Bellerive and B. Beltran and M. Bergevin and S.{\hspace{0.167em}}D. Biller and R. Bonventre and K. Boudjemline and M.{\hspace{0.167em}}G. Boulay and B. Cai and E.{\hspace{0.167em}}J. Callaghan and J. Caravaca and Y.{\hspace{0.167em}}D. Chan and D. Chauhan and M. Chen and B.{\hspace{0.167em}}T. Cleveland and G.{\hspace{0.167em}}A. Cox and R. Curley and X. Dai and H. Deng and F.{\hspace{0.167em}}B. Descamps and J.{\hspace{0.167em}}A. Detwiler and P.{\hspace{0.167em}}J. Doe and G. Doucas and P.-L. Drouin and M. Dunford and S.{\hspace{0.167em}}R. Elliott and H.{\hspace{0.167em}}C. Evans and G.{\hspace{0.167em}}T. Ewan and J. Farine and H. Fergani and F. Fleurot and R.{\hspace{0.167em}}J. Ford and J.{\hspace{0.167em}}A. Formaggio and N. Gagnon and K. Gilje and J.{\hspace{0.167em}}TM. Goon and K. Graham and E. Guillian and S. Habib and R.{\hspace{0.167em}}L. Hahn and A.{\hspace{0.167em}}L. Hallin and E.{\hspace{0.167em}}D. Hallman and P.{\hspace{0.167em}}J. Harvey and R. Hazama and W.{\hspace{0.167em}}J. Heintzelman and J. Heise and R.{\hspace{0.167em}}L. Helmer and A. Hime and C. Howard and M. Huang and P. Jagam and B. Jamieson and N.{\hspace{0.167em}}A. Jelley and M. Jerkins and C. K{\'{e}}f{\'{e}}lian and K.{\hspace{0.167em}}J. Keeter and J.{\hspace{0.167em}}R. Klein and L.{\hspace{0.167em}}L. Kormos and M. Kos and A. Kr\"{u}ger and C. Kraus and C.{\hspace{0.167em}}B. Krauss and T. Kutter and C.{\hspace{0.167em}}C.{\hspace{0.167em}}M. Kyba and B.{\hspace{0.167em}}J. Land and R. Lange and J. Law and I.{\hspace{0.167em}}T. Lawson and K.{\hspace{0.167em}}T. Lesko and J.{\hspace{0.167em}}R. Leslie and I. Levine and J.{\hspace{0.167em}}C. Loach and R. MacLellan and S. Majerus and H.{\hspace{0.167em}}B. Mak and J. Maneira and R.{\hspace{0.167em}}D. Martin and A. Mastbaum and N. McCauley and A.{\hspace{0.167em}}B. McDonald and S.{\hspace{0.167em}}R. McGee and M.{\hspace{0.167em}}L. Miller and B. Monreal and J. Monroe and B.{\hspace{0.167em}}G. Nickel and A.{\hspace{0.167em}}J. Noble and H.{\hspace{0.167em}}M. O'Keeffe and N.{\hspace{0.167em}}S. Oblath and C.{\hspace{0.167em}}E. Okada and R.{\hspace{0.167em}}W. Ollerhead and G.{\hspace{0.167em}}D. Orebi Gann and S.{\hspace{0.167em}}M. Oser and R.{\hspace{0.167em}}A. Ott and S.{\hspace{0.167em}}J.{\hspace{0.167em}}M. Peeters and A.{\hspace{0.167em}}W.{\hspace{0.167em}}P. Poon and G. Prior and S.{\hspace{0.167em}}D. Reitzner and K. Rielage and B.{\hspace{0.167em}}C. Robertson and R.{\hspace{0.167em}}G.{\hspace{0.167em}}H. Robertson and M.{\hspace{0.167em}}H. Schwendener and J.{\hspace{0.167em}}A. Secrest and S.{\hspace{0.167em}}R. Seibert and O. Simard and D. Sinclair and P. Skensved and T.{\hspace{0.167em}}J. Sonley and L.{\hspace{0.167em}}C. Stonehill and G. Te{\v{s}}i{\'{c}} and N. Tolich and T. Tsui and R. Van Berg and B.{\hspace{0.167em}}A. VanDevender and C.{\hspace{0.167em}}J. Virtue and B.{\hspace{0.167em}}L. Wall and D. Waller and H. Wan Chan Tseung and D.{\hspace{0.167em}}L. Wark and J. Wendland and N. West and J.{\hspace{0.167em}}F. Wilkerson and J.{\hspace{0.167em}}R. Wilson and T. Winchester and A. Wright and M. Yeh and F. Zhang and K. Zuber and},
  title = {Cosmogenic neutron production at the Sudbury Neutrino Observatory},
  journal = {Phys. Rev. D}
}

@book{grupen,
    year = {2020},
    language = {eng},
    publisher = {Springer},
    series = {Undergraduate Texts in Physics},
    title = {Astroparticle Physics},
    abstract = {Describes the branch of astronomy in which processes in the universe are investigated with experimental methods employed in particle-physics experiments. After a historical introduction the basics of elementary particles,
    Explains particle interactions and the relevant detection techniques, while modern aspects of astroparticle physics are described in a chapter on cosmology.
    Provides an orientation in the field of astroparticle physics that many beginners might seek and appreciate because the underlying physics fundamentals are presented with little mathematics, and the results are illustrated by many diagrams.
    Readers have a chance to enter this field of astronomy with a book that closes the gap between expert and popular level.},
    author = {Grupen, Claus},
    isbn = {3030273385},
}

@article{pdg_cosmic_rays,
    author = "Zyla, P.A. and others",
    collaboration = "Particle Data Group",
    title = "{Review of Particle Physics}",
    chapter = "{Cosmic Rays}",
    doi = "10.1093/ptep/ptaa104",
    journal = "PTEP",
    volume = "2020",
    number = "8",
    pages = "083C01",
    year = "2020",
    note = "and 2021 update",
    howpublished = {\url{https://pdg.lbl.gov/2021/web/viewer.html?file=../reviews/rpp2021-rev-cosmic-rays.pdf}},
}

@book{nahin_digital_dice,
    year = {2008},
    language = {eng},
    publisher = {Princeton University Press},
    title = {Digital dice : computational solutions to practical probability problems},
    author = {Nahin, Paul J.},
    address = {Princeton},
    isbn = {9780691126982},
    keywords = {MATLAB},
}

@book{numerical_analysis,
    author = {Maron, Melvin J.},
    address = {Belmont, Calif},
    isbn = {0534123724},
    keywords = {Numerical analysis},
    language = {eng},
    edition = {3rd ed.},
    publisher = {Wadsworth Pub. Co.},
    title = {Numerical analysis : a practical approach},
    year = {1991},
}

@article{SNO_2009,
	doi = {10.1103/physrevd.80.012001},
  
	url = {https://doi.org/10.1103%2Fphysrevd.80.012001},
  
	year = 2009,
	month = {jul},
  
	publisher = {American Physical Society ({APS})},
  
	volume = {80},
  
	number = {1},
  
	author = {B. Aharmim and S. N. Ahmed and T. C. Andersen and A. E. Anthony and N. Barros and E. W. Beier and A. Bellerive and B. Beltran and M. Bergevin and S. D. Biller and K. Boudjemline and M. G. Boulay and T. H. Burritt and B. Cai and Y. D. Chan and M. Chen and M. C. Chon and B. T. Cleveland and G. A. Cox-Mobrand and C. A. Currat and X. Dai and F. Dalnoki-Veress and H. Deng and J. Detwiler and P. J. Doe and R. S. Dosanjh and G. Doucas and P.-L. Drouin and F. A. Duncan and M. Dunford and S. R. Elliott and H. C. Evans and G. T. Ewan and J. Farine and H. Fergani and F. Fleurot and R. J. Ford and J. A. Formaggio and N. Gagnon and J. T. M. Goon and K. Graham and D. R. Grant and E. Guillian and S. Habib and R. L. Hahn and A. L. Hallin and E. D. Hallman and C. K. Hargrove and P. J. Harvey and R. Hazama and K. M. Heeger and W. J. Heintzelman and J. Heise and R. L. Helmer and R. J. Hemingway and R. Henning and A. Hime and C. Howard and M. A. Howe and M. Huang and B. Jamieson and N. A. Jelley and J. R. Klein and M. Kos and A. Krüger and C. Kraus and C. B. Krauss and T. Kutter and C. C. M. Kyba and R. Lange and J. Law and I. T. Lawson and K. T. Lesko and J. R. Leslie and I. Levine and J. C. Loach and S. Luoma and R. MacLellan and S. Majerus and H. B. Mak and J. Maneira and A. D. Marino and R. Martin and N. McCauley and A. B. McDonald and S. McGee and C. Mifflin and M. L. Miller and B. Monreal and J. Monroe and A. J. Noble and N. S. Oblath and C. E. Okada and H. M. O'Keeffe and Y. Opachich and G. D. Orebi Gann and S. M. Oser and R. A. Ott and S. J. M. Peeters and A. W. P. Poon and G. Prior and K. Rielage and B. C. Robertson and R. G. H. Robertson and E. Rollin and M. H. Schwendener and J. A. Secrest and S. R. Seibert and O. Simard and J. J. Simpson and D. Sinclair and P. Skensved and M. W. E. Smith and T. J. Sonley and T. D. Steiger and L. C. Stonehill and N. Tagg and G. Te{\v{s}
    }i{\'{c}} and N. Tolich and T. Tsui and R. G. Van de Water and B. A. VanDevender and C. J. Virtue and D. Waller and C. E. Waltham and H. Wan Chan Tseung and D. L. Wark and P. Watson and J. Wendland and N. West and J. F. Wilkerson and J. R. Wilson and J. M. Wouters and A. Wright and M. Yeh and F. Zhang and K. Zuber},
  
	title = {Measurement of the cosmic ray and neutrino-induced muon flux at the Sudbury neutrino observatory},
  
	journal = {Physical Review D}
}

@book{knoll,
    author = {Knoll, Glenn F.},
    address = {New York},
    isbn = {978-0-470-13148-0},
    keywords = {Nuclear counters},
    language = {eng},
    edition = {4th ed.},
    publisher = {J. Wiley},
    title = {Radiation detection and measurement / Glenn F. Knoll.},
    year = {2010},
}

@article{groom_2001,
  doi = {10.1006/adnd.2001.0861},
  url = {https://doi.org/10.1006/adnd.2001.0861},
  year = {2001},
  month = jul,
  publisher = {Elsevier {BV}},
  volume = {78},
  number = {2},
  pages = {183--356},
  author = {DONALD E. GROOM and NIKOLAI V. MOKHOV and SERGEI I. STRIGANOV},
  title = {{MUON} {STOPPING} {POWER} {AND} {RANGE} {TABLES} 10 {MeV}{\textendash}100 {TeV}},
  journal = {Atomic Data and Nuclear Data Tables}
}

@incollection{frank_tamm,
  doi = {10.1007/978-3-642-74626-0_2},
  url = {https://doi.org/10.1007/978-3-642-74626-0_2},
  year = {1991},
  publisher = {Springer Berlin Heidelberg},
  pages = {29--35},
  author = {I. Frank and Ig. Tamm},
  title = {Coherent Visible Radiation of Fast Electrons Passing Through Matter},
  booktitle = {Selected Papers}
}

@article{pdg,
    author = "Zyla, P.A. and others",
    collaboration = "Particle Data Group",
    title = "{Review of Particle Physics}",
    doi = "10.1093/ptep/ptaa104",
    journal = "PTEP",
    volume = "2020",
    number = "8",
    pages = "083C01",
    year = "2020",
    note = "in section \textit{Passage of particles through matter}"
}

@article{exo_2016,
	doi = {10.1088/1475-7516/2016/04/029},
  
	url = {https://doi.org/10.1088%2F1475-7516%2F2016%2F04%2F029},
  
	year = 2016,
	month = {apr},
  
	publisher = {{IOP} Publishing},
  
	volume = {2016},
  
	number = {04},
  
	pages = {029--029},
  
	author = {J.B. Albert and D.J. Auty and P.S. Barbeau and D. Beck and V. Belov and M. Breidenbach and T. Brunner and A. Burenkov and G.F. Cao and C. Chambers and B. Cleveland and M. Coon and A. Craycraft and T. Daniels and M. Danilov and S.J. Daugherty and J. Davis and S. Delaquis and A. Der Mesrobian-Kabakian and R. DeVoe and T. Didberidze and J. Dilling and A. Dolgolenko and M.J. Dolinski and M. Dunford and W. Fairbank Jr. and J. Farine and W. Feldmeier and S. Feyzbakhsh and P. Fierlinger and D. Fudenberg and R. Gornea and K. Graham and G. Gratta and C. Hall and S. Herrin and M. Hughes and M.J. Jewell and A. Johnson and T.N. Johnson and S. Johnston and A. Karelin and L.J. Kaufman and R. Killick and T. Koffas and S. Kravitz and R. Krücken and A. Kuchenkov and K.S. Kumar and D.S. Leonard and C. Licciardi and Y.H. Lin and J. Ling and R. MacLellan and M.G. Marino and B. Mong and D. Moore and O. Njoya and R. Nelson and A. Odian and I. Ostrovskiy and A. Piepke and A. Pocar and C.Y. Prescott and F. Reti{\`{e}
  }re and P.C. Rowson and J.J. Russell and A. Schubert and D. Sinclair and E. Smith and V. Stekhanov and M. Tarka and T. Tolba and R. Tsang and K. Twelker and J.-L. Vuilleumier and A. Waite and J. Walton and T. Walton and M. Weber and L.J. Wen and U. Wichoski and J. Wood and L. Yang and Y.-R. Yen and O.Ya. Zeldovich},
    
	title = {Cosmogenic backgrounds to 0$\upnu$$\upbeta$$\upbeta$ in {EXO}-200},
  
	journal = {Journal of Cosmology and Astroparticle Physics}
}


